@InProceedings{Habernal.et.al.2018.NAACL.adhominem,
    title     = {Before Name-calling: Dynamics and Triggers of Ad Hominem
                 Fallacies in Web Argumentation},
    author    = {Habernal, Ivan and Wachsmuth, Henning and
                 Gurevych, Iryna and Stein, Benno},
    publisher = {Association for Computational Linguistics},
    booktitle = {Proceedings of the 2018 Conference of the North American
                 Chapter of the Association for Computational Linguistics:
                 Human Language Technologies, Volume 1 (Long Papers)},
    pages     = {386--396},
    month     = jun,
    year      = {2018},
    address   = {New Orleans, Louisiana},
    url       = {http://aclweb.org/anthology/N18-1036}
}

@InProceedings{Habernal.et.al.2017.EMNLP,
  author    = {Habernal, Ivan and Hannemann, Raffael and Pollak, Christian and
               Klamm, Christopher and Pauli, Patrick and Gurevych, Iryna},
  title     = {Argotario: Computational Argumentation Meets Serious Games},
  booktitle = {Proceedings of the 2017 Conference on Empirical Methods in Natural Language Processing: System Demonstrations},
  month     = sep,
  year      = {2017},
  address   = {Copenhagen, Denmark},
  publisher = {Association for Computational Linguistics},
  pages     = {7--12},
  url       = {http://www.aclweb.org/anthology/D17-2002}
}

@misc{Walton1998,
address = {Alabama},
author = {Walton, Douglas},
file = {:Users/pieterdelobelle/Downloads/Douglas Walton-Ad Hominem Arguments (Studies in Rhetoric {\&} Communication) (1998).pdf:pdf},
mendeley-groups = {KAW},
publisher = {The University of Alabama Press},
title = {{Ad Hominem Arguments (Studies in Rhetoric {\&} Communication)}},
year = {1998}
}
